<?xml version='1.0' encoding='UTF-8'?>
<record xmlns="http://www.loc.gov/MARC21/slim">
  <leader>01162cam a2200349 a 4500</leader>
  <controlfield tag="001">113380</controlfield>
  <controlfield tag="003">NjP</controlfield>
  <controlfield tag="005">20160817154725.0</controlfield>
  <controlfield tag="008">821217s1912    ae            001 0 ara d</controlfield>
  <datafield tag="024" ind1="7" ind2=" ">
    <subfield code="a">princeton_aco003069</subfield>
    <subfield code="2">local</subfield>
  </datafield>
  <datafield ind1=" " ind2=" " tag="035">
    <subfield code="a">(OCoLC)ocn175401086</subfield>
  </datafield>
  <datafield ind1=" " ind2=" " tag="035">
    <subfield code="a">(OCoLC)175401086</subfield>
  </datafield>
  <datafield ind1=" " ind2=" " tag="035">
    <subfield code="a">(CStRLIN)NJPG82-B55065</subfield>
  </datafield>
  <datafield ind1=" " ind2=" " tag="035">
    <subfield code="9">AAS8083TS</subfield>
  </datafield>
  <datafield ind1=" " ind2=" " tag="035">
    <subfield code="a">(NjP)143778</subfield>
  </datafield>
  <datafield ind1=" " ind2=" " tag="040">
    <subfield code="a">NjP</subfield>
    <subfield code="c">PUL</subfield>
    <subfield code="d">PUL</subfield>
  </datafield>
  <datafield ind1="0" ind2=" " tag="041">
    <subfield code="a">arafre</subfield>
  </datafield>
  <datafield ind1=" " ind2=" " tag="049">
    <subfield code="a">PULL</subfield>
  </datafield>
  <datafield ind1=" " ind2=" " tag="066">
    <subfield code="c">(3</subfield>
  </datafield>
  <datafield ind1=" " ind2=" " tag="079">
    <subfield code="a">ocm26629480</subfield>
  </datafield>
  <datafield ind1="1" ind2=" " tag="100">
    <subfield code="6">880-01</subfield>
    <subfield code="a">Muḥammad, Ṣuwālaḥ,</subfield>
    <subfield code="e">author.</subfield>
  </datafield>
  <datafield ind1="1" ind2="2" tag="245">
    <subfield code="a">L'auxiliare de l'arabisant ... :</subfield>
    <subfield code="b">à l'usage des écoles, des commerçants, des industriels et des hommes d'affaires /</subfield>
    <subfield code="c">par Soualah Mohammed.</subfield>
  </datafield>
  <datafield ind1=" " ind2=" " tag="250">
    <subfield code="a">2e éd., augm. et complétement transformée.</subfield>
  </datafield>
  <datafield ind1=" " ind2=" " tag="260">
    <subfield code="a">Alger :</subfield>
    <subfield code="b">A.Jourdan,</subfield>
    <subfield code="c">1912.</subfield>
  </datafield>
  <datafield ind1=" " ind2=" " tag="300">
    <subfield code="a">xxii, 258 p. ;</subfield>
    <subfield code="c">23 cm.</subfield>
  </datafield>
  <datafield ind1=" " ind2=" " tag="500">
    <subfield code="a">Includes index.</subfield>
  </datafield>
  <datafield ind1=" " ind2="0" tag="650">
    <subfield code="a">Letter-writing, Arabic.</subfield>
  </datafield>
  <datafield ind1="1" ind2=" " tag="880">
    <subfield code="6">100-01/(3/r</subfield>
    <subfield code="a">محمد، صوالح،</subfield>
    <subfield code="e">author.</subfield>
  </datafield>
  <datafield ind1="4" ind2=" " tag="856">
    <subfield code="u">http://hdl.handle.net/2027/njp.32101073303669</subfield>
  </datafield>
  <datafield ind1=" " ind2=" " tag="998">
    <subfield code="a">09/11/92</subfield>
    <subfield code="s">9118</subfield>
    <subfield code="n">NjP</subfield>
    <subfield code="w">NJPG82B55065</subfield>
    <subfield code="d">12/17/82</subfield>
    <subfield code="c">MR</subfield>
    <subfield code="b">JEB</subfield>
    <subfield code="i">920911</subfield>
    <subfield code="l">NJPG</subfield>
  </datafield>
  <datafield ind1=" " ind2=" " tag="911">
    <subfield code="a">19921028</subfield>
  </datafield>
  <datafield ind1=" " ind2=" " tag="912">
    <subfield code="a">19920911000000.0</subfield>
  </datafield>
  <datafield ind1=" " ind2=" " tag="994">
    <subfield code="a">C0</subfield>
    <subfield code="b">PUL</subfield>
  </datafield>
  <datafield ind1=" " ind2=" " tag="999">
    <subfield code="a">113380</subfield>
  </datafield>
  <datafield ind1="0" ind2="0" tag="852">
    <subfield code="0">126622</subfield>
    <subfield code="b">rcppa</subfield>
    <subfield code="t">1</subfield>
    <subfield code="h">PJ6115</subfield>
    <subfield code="i">.S68</subfield>
    <subfield code="x">tr fr f</subfield>
  </datafield>
  <datafield ind1="8" ind2=" " tag="852">
    <subfield code="0">8677655</subfield>
    <subfield code="b">elf1</subfield>
    <subfield code="h">Electronic Resource</subfield>
  </datafield>
  <datafield ind1=" " ind2=" " tag="959">
    <subfield code="a">2000-06-08 00:00:00 -0500</subfield>
  </datafield>
</record>
